<?xml version="1.0" encoding="UTF-8"?><record xmlns="http://www.loc.gov/MARC21/slim" xmlns:cinclude="http://apache.org/cocoon/include/1.0" xmlns:zs="http://www.loc.gov/zing/srw/">
  <leader>02652cz  a2200397n  4500</leader>
  <controlfield tag="001">n 2003100784</controlfield>
  <controlfield tag="003">DLC</controlfield>
  <controlfield tag="005">20160707075441.0</controlfield>
  <controlfield tag="008">030423n| azannaabn          |b ana      </controlfield>
  <datafield tag="010" ind1=" " ind2=" ">
    <subfield code="a">n 2003100784</subfield>
  </datafield>
  <datafield tag="035" ind1=" " ind2=" ">
    <subfield code="a">(OCoLC)oca06033501</subfield>
  </datafield>
  <datafield tag="040" ind1=" " ind2=" ">
    <subfield code="a">DLC</subfield>
    <subfield code="b">eng</subfield>
    <subfield code="e">rda</subfield>
    <subfield code="c">DLC</subfield>
    <subfield code="d">DLC</subfield>
    <subfield code="d">UkOxU</subfield>
    <subfield code="d">DLC</subfield>
    <subfield code="d">InU</subfield>
    <subfield code="d">DNLM</subfield>
  </datafield>
  <datafield tag="110" ind1="2" ind2=" ">
    <subfield code="a">Azärbaycan Milli Elmlär Akademiyası</subfield>
  </datafield>
  <datafield tag="410" ind1="2" ind2=" ">
    <subfield code="a">Akademii︠a︡ nauk Azerbaĭdzhana</subfield>
  </datafield>
  <datafield tag="410" ind1="2" ind2=" ">
    <subfield code="a">AMEA (Azärbaycan Milli Elmlär Akademiyası)</subfield>
  </datafield>
  <datafield tag="410" ind1="2" ind2=" ">
    <subfield code="a">ANAS (Azerbaijan National Academy of Sciences)</subfield>
  </datafield>
  <datafield tag="410" ind1="2" ind2=" ">
    <subfield code="a">Azărbai̐jan Milli Elmlăr Akademii̐asy</subfield>
  </datafield>
  <datafield tag="410" ind1="2" ind2=" ">
    <subfield code="a">Azärbaycan MEA</subfield>
  </datafield>
  <datafield tag="410" ind1="2" ind2=" ">
    <subfield code="a">Azerbaijan National Academy of Sciences</subfield>
  </datafield>
  <datafield tag="410" ind1="2" ind2=" ">
    <subfield code="a">NAN Azerbaĭdzhana</subfield>
  </datafield>
  <datafield tag="410" ind1="2" ind2=" ">
    <subfield code="a">National Academy of Sciences of Azerbaijan</subfield>
  </datafield>
  <datafield tag="410" ind1="2" ind2=" ">
    <subfield code="w">nne</subfield>
    <subfield code="a">Nat︠s︡ionalʹnai︠a︡ akademii︠a︡ nauk Azerbaĭdzhana</subfield>
  </datafield>
  <datafield tag="410" ind1="2" ind2=" ">
    <subfield code="a">Академия наук Азербайджана</subfield>
  </datafield>
  <datafield tag="410" ind1="2" ind2=" ">
    <subfield code="a">НАН Азербайджана</subfield>
  </datafield>
  <datafield tag="410" ind1="2" ind2=" ">
    <subfield code="a">Национальная академия наук Азербайджана</subfield>
  </datafield>
  <datafield tag="510" ind1="2" ind2=" ">
    <subfield code="w">a</subfield>
    <subfield code="a">Azărbai̐jan Elmlăr Akademii̐asy</subfield>
  </datafield>
  <datafield tag="667" ind1=" " ind2=" ">
    <subfield code="a">Non-Latin script references not evaluated.</subfield>
  </datafield>
  <datafield tag="670" ind1=" " ind2=" ">
    <subfield code="a">Prestuplenii︠a︡ armi︠a︡nskikh terroristicheskikh i banditskikh formirovaniĭ protiv chelovechestva, XIX-XXI vv., 2002:</subfield>
    <subfield code="b">t.p. (Institut po pravam cheloveka Nat︠s︡ionalʹnoĭ akademii nauk Azerbaĭdzhana) t.p. verso (Institut po pravam cheloveka NAN Azerbaĭdzhana)</subfield>
  </datafield>
  <datafield tag="670" ind1=" " ind2=" ">
    <subfield code="a">www.ab.az/struct</subfield>
    <subfield code="b">(Azerbaijan National Academy of Sciences; ANAS)</subfield>
  </datafield>
  <datafield tag="670" ind1=" " ind2=" ">
    <subfield code="a">Azărbaycan diasporu, 2001:</subfield>
    <subfield code="b">t.p. (Azărbaycan Milli Elmlăr Akademiyası) colophon (Azărbaycan MEA)</subfield>
  </datafield>
  <datafield tag="670" ind1=" " ind2=" ">
    <subfield code="a">www.inal.azintex.com</subfield>
    <subfield code="b">(Azärbaycan Milli Elmlär Akademiyası)</subfield>
  </datafield>
  <datafield tag="670" ind1=" " ind2=" ">
    <subfield code="a">Tăsăvvüf anlamları vă dărvişlik rămzlări, 2001:</subfield>
    <subfield code="b">t.p. (Azärbaycan Milli Elmlär Akademiyası) added t.p. (Azerbaijan National Academy of Sciences) t.p. verso (Azärbaycan MEA)</subfield>
  </datafield>
  <datafield tag="670" ind1=" " ind2=" ">
    <subfield code="a">Azărbaycan iqtisadiyyatı--problemlăr, perspektivlăr, 2002:</subfield>
    <subfield code="b">t.p. (Azărbaycan Milli Elmlăr Akademiyası) t.p. verso (AMEA) p. 106 (NAN Azerbaĭdzhana)</subfield>
  </datafield>
  <datafield tag="670" ind1=" " ind2=" ">
    <subfield code="a">Processes of petrochemistry and oil refining, 2004, 4:</subfield>
    <subfield code="b">cover (Azärbaycan Milli Elmlär Akademiyası; National Academy of Sciences of Azerbaijan; Nat︠s︡ionalʹnai︠a︡ akademii︠a︡ nauk Azerbaĭdzhana)</subfield>
  </datafield>
  <datafield tag="670" ind1=" " ind2=" ">
    <subfield code="a">Azărbai̐jan tarikhi, 1998-2003:</subfield>
    <subfield code="b">v. 7, t.p. (Azărbai̐jan Milli Elmlăr Akademii̐asy)</subfield>
  </datafield>
  <datafield tag="670" ind1=" " ind2=" ">
    <subfield code="a">Ḣei̐van anatomii̐asy terminlări lu̇ghăti, 1991: t.p. (Azărbai̐jan Elmlăr Akademii̐asy) added t.p. (Akademii︠a︡ nauk Azerbaĭdzhana)</subfield>
  </datafield>
</record>